<record xmlns:xsi="http://www.w3.org/2001/XMLSchema-instance" xmlns="http://www.loc.gov/MARC21/slim" xsi:schemaLocation="http://www.loc.gov/MARC21/slim http://www.loc.gov/standards/marcxml/schema/MARC21slim.xsd">

  <leader>00589nam a2200169Ia 4500</leader>
  <datafield ind2=" " tag="999" ind1=" ">
    <subfield code="c">2401</subfield>
    <subfield code="d">2401</subfield>
  </datafield>
  <controlfield tag="008">180918b2008    cr ||||| |||| 00| u spa d</controlfield>
  <datafield ind2=" " ind1=" " tag="090">
    <subfield code="a">Archivo #01</subfield>
  </datafield>
  <datafield tag="100" ind1=" " ind2=" ">
    <subfield code="a">Cedeño Volkman, German A.</subfield>
    <subfield code="9">4245</subfield>
  </datafield>
  <datafield tag="245" ind1="1" ind2="0">
    <subfield code="a">Etnomedicina: Metodología emergente para la calidad de vida del costarricense/  </subfield>
    <subfield code="c">German A. Cedeño Volkman</subfield>
  </datafield>
  <datafield ind2=" " tag="260" ind1=" ">
    <subfield code="a">San José, Costa Rica :</subfield>
    <subfield code="b">Medicina Vida y Salud, </subfield>
    <subfield code="c">2008</subfield>
  </datafield>
  <datafield ind1=" " tag="300" ind2=" ">
    <subfield code="a">4 páginas</subfield>
  </datafield>
  <datafield ind2=" " tag="500" ind1=" ">
    <subfield code="a">En: Medicina Vida y Salud (febrero, 2008)</subfield>
  </datafield>
  <datafield ind2="4" ind1="1" tag="650">
    <subfield code="a">MEDICINA</subfield>
    <subfield code="9">4246</subfield>
  </datafield>
  <datafield tag="650" ind1="1" ind2="4">
    <subfield code="a">CALIDAD DE LA VIDA</subfield>
    <subfield code="9">3974</subfield>
  </datafield>
  <datafield ind1="1" tag="651" ind2="4">
    <subfield code="9">47</subfield>
    <subfield code="a">COSTA RICA</subfield>
  </datafield>
  <datafield ind2=" " ind1=" " tag="942">
    <subfield code="2">z</subfield>
    <subfield code="c">07</subfield>
  </datafield>
</record>